@misc{flags-data-set,
  title        = {Flags dataset},
  howpublished = {\url{http://archive.ics.uci.edu/ml/datasets/Flags}},
  note         = {Aktualne dnia: 2017-01-02}
}

@misc{scikit-learn-docs,
  title        = {Scikit-learn documentation},
  howpublished = {\url{http://scikit-learn.org/dev/documentation.html}},
  note         = {Aktualne dnia: 2017-01-02}
}

@misc{tkinker-wiki,
  title        = {Tkinker documentation},
  howpublished = {\url{https://wiki.python.org/moin/TkInter}},
  note         = {Aktualne dnia: 2017-01-02}
}

@misc{feature-selection,
  title        = {Feature Selection For Machine Learning in Python},
  howpublished = {\url{http://machinelearningmastery.com/feature-selection-machine-learning-python/}},
  note         = {Aktualne dnia: 2017-01-02}
}

@misc{imbalanced-data,
  title        = {Tactics to Combat Imbalanced Classes in Your Machine Learning Dataset},
  howpublished = {\url{http://machinelearningmastery.com/tactics-to-combat-imbalanced-classes-in-your-machine-learning-dataset/}},
  note         = {Aktualne dnia: 2017-01-02}
}
